@book{orteu2002mesure,
  title={Mesure 3D de formes et de d{\'e}formations par st{\'e}r{\'e}ovision},
  author={Orteu, Jean-Jos{\'e}},
  year={2002},
  publisher={Ed. Techniques Ing{\'e}nieur}
}

@book{luhmann2013close,
	title={Close-range photogrammetry and 3D imaging},
	author={Luhmann, Thomas and Robson, Stuart and Kyle, Stephen and Boehm, Jan},
	year={2013},
	publisher={Walter de Gruyter}
}

@book{zhang2013handbook,
	title={Handbook of 3D machine vision: Optical metrology and imaging},
	author={Zhang, Song},
	year={2013},
	publisher={CRC press}
}

@book{malik2011depth,
	title={Depth Map and 3D Imaging Applications: Algorithms and Technologies: Algorithms and Technologies},
	author={Malik, Aamir Saeed},
	year={2011},
	publisher={IgI global}
}

% SIFT Algorithm
@inproceedings{lowe1999object,
	title={Object recognition from local scale-invariant features},
	author={Lowe, David G},
	booktitle={Proceedings of the seventh IEEE international conference on computer vision},
	volume={2},
	pages={1150--1157},
	year={1999},
	organization={Ieee}
}

@inproceedings{hu2008video,
	title={Video object matching based on SIFT algorithm},
	author={Hu, Xuelong and Tang, Yingcheng and Zhang, Zhenghua},
	booktitle={2008 International Conference on Neural Networks and Signal Processing},
	pages={412--415},
	year={2008},
	organization={IEEE}
}

@article{liu2013image,
	title={Image matching based on improved SIFT algorithm},
	author={Liu, J and Fu, WP and Wang, W and Li, N},
	journal={Chinese Journal of Scientific Instrument},
	volume={34},
	number={5},
	pages={1107--1112},
	year={2013}
}

@article{wu2013comparative,
	title={A Comparative Study of SIFT and its Variants},
	author={Wu, Jian and Cui, Zhiming and Sheng, Victor S and Zhao, Pengpeng and Su, Dongliang and Gong, Shengrong},
	journal={Measurement science review},
	volume={13},
	number={3},
	pages={122--131},
	year={2013},
	publisher={Sciendo}
}

@misc{frwiki:177813849,
	author = "Wikipédia",
	title = "Scale-invariant feature transform --- Wikipédia{,} l'encyclopédie libre",
	year = "2020",
	url = "http://fr.wikipedia.org/w/index.php?title=Scale-invariant_feature_transform&oldid=177813849",
	note = "[En ligne; Page disponible le 19-décembre-2020]"
}

@misc{sturm_quelques_nodate,
	title = {Quelques notes pour le cours de {Vision} par {Ordinateur}},
	author = {Sturm, P.},
}

@article{hartley_triangulation_1997,
	author = {Hartley, R. I. and Sturm, P.},
	title = {Triangulation},
	volume = {68},
	issn = {1077-3142},
	doi = {10.1006/cviu.1997.0547},
	number = {2},
	journal = {Computer Vision and Image Understanding},
	month = nov,
	year = {1997},
	pages = {146--157},
}