%%%%%%%%%%%%%%%%%%%%%%%%%%%%%%%%%%%%%%%%%%%%%%%%%%%%%%%%%%%%%
%%%%%%%%%%%%%%%%%%%         Projet        %%%%%%%%%%%%%%%%%%%
%%%%%%%%%%%%%%%%%%%%%%%%%%%%%%%%%%%%%%%%%%%%%%%%%%%%%%%%%%%%%
% Propriétés matériaux
@book{wypych_handbook_2016,
	volume = {2},
	title = {Handbook of {Polymers}},
	isbn = {978-1-927885-11-6},
	publisher = {Elsevier},
	author = {Wypych, G.},
	month = feb,
	year = {2016}
}

@inproceedings{regazzi_forming_2015,
	address = {Copenhagen, Denmark},
	title = {Forming {Of} {Native} {Starch}/{Wood} {Composites}},
	booktitle = {ICCM20},
	author = {Regazzi, A. and Teil, M. and Dumont, P.J.J. and Harthong, B. and Imbault, D. and Peyroux, R. and Putaux, J.-L.},
	year = {2015},
	pages = {10}
}

@article{regazzi_microstructural_2019,
	title = {Microstructural and mechanical properties of biocomposites made of native starch granules and wood fibers},
	volume = {182},
	issn = {0266-3538},
	doi = {10.1016/j.compscitech.2019.107755},
	journal = {Composites Science and Technology},
	author = {Regazzi, A. and Teil, M. and Dumont, P.J.J. and Harthong, B. and Imbault, D. and Peyroux, R. and Putaux, J.-L.},
	month = sep,
	year = {2019},
	pages = {107755}
}

@article{regazzi_effectiveness_2016,
	title = {Effectiveness of thermo-compression for manufacturing native starch bulk materials},
	volume = {51},
	issn = {1573-4803},
	doi = {10.1007/s10853-016-9817-7},
	number = {11},
	journal = {Journal of Materials Science},
	author = {Regazzi, A. and Dumont, P.J.J. and Harthong, B. and Imbault, D. and Peyroux, R. and Putaux, J.-L.},
	month = jun,
	year = {2016},
	pages = {5146--5159}
}

%%%%%%%%%%%%%%%%%%%%%%%%%%%%%%%%%%%%%%%%%%%%%%%%%%%%%%%%%%%%%
%%%%%%%%%%%%%%%%%%% Matériaux granulaires %%%%%%%%%%%%%%%%%%%
%%%%%%%%%%%%%%%%%%%%%%%%%%%%%%%%%%%%%%%%%%%%%%%%%%%%%%%%%%%%%
@misc{mollon_mecanique_2015,
	title = {Cours de mécanique des matériaux granulaires},
	publisher = {INSA de Lyon},
	author = {Mollon, G.},
	year = {2015},
}

@book{cambou_micromechanics_2009,
	publisher = {John Wiley \& Sons},
	title = {Micromechanics of {Granular} {Materials}},
	isbn = {978-1-84821-075-2},
	year = {2009},
	author = {Cambou, B. and Jean, M. and Radjai, F.},
}

@book{matuttis_understanding_2014,
	title = {Understanding the {Discrete} {Element} {Method}: {Simulation} of {Non}-{Spherical} {Particles} for {Granular} and {Multi}-body {Systems}},
	isbn = {978-1-118-56728-9},
	shorttitle = {Understanding the {Discrete} {Element} {Method}},
	publisher = {John Wiley \& Sons},
	author = {Matuttis, H.-G. and Chen, J.},
	month = may,
	year = {2014}
}

@book{thomas_poudres_2012,
	edition = {Ellipses},
	series = {Technosup},
	title = {Poudres et mélanges granulaires - Modélisation, propriété, procédés},
	volume = {Génie des procédés},
	isbn = {978-2-7298-7405-6},
	author = {Thomas, G. and Bonnefoy, O.},
	year = {2012}
}

@misc{unpg,
	title = {Union Nationale des Producteurs de Granulats},
	author = {UNPG},
	howpublished = {\url{http://www.unpg.fr/}},
	journal = {Union Nationale des Producteurs de Granulats},
}

@article{petley_global_2012,
	title = {Global patterns of loss of life from landslides},
	volume = {40},
	issn = {0091-7613},
	doi = {10.1130/G33217.1},
	number = {10},
	urldate = {2018-09-12},
	journal = {Geology},
	author = {Petley, D.},
	month = oct,
	year = {2012},
	pages = {927--930}
}

%%%% Contraintes moyennes dans un milieu granulaire %%%%
@article{weber_recherches_1966,
	title = {Recherches concernant les contraintes intergranulaires dans les milieux pulvérulents},
	volume = {20},
	journal = {Bulletin de Liaison des Ponts et Chaussées},
	author = {Weber, J.},
	year = {1966},
	pages = {3--20}
}

@book{love_treatise_1927,
	title = {A {Treatise} of {Mathematical} {Theory} of {Elasticity}},
	isbn = {1-107-61809-6},
	publisher = {Cambridge University Press},
	author = {Love, A. E. H.},
	year = {1927}
}

%%%%%%%%%%%%%%%%%%%%%%%%%%%%%%%%%%%%%%%%%%%%%%%%%%%%%%%%%%%%%
%%%%%%%%%%%%%%%%%%% ESSAIS DE COMPRESSION %%%%%%%%%%%%%%%%%%%
%%%%%%%%%%%%%%%%%%%%%%%%%%%%%%%%%%%%%%%%%%%%%%%%%%%%%%%%%%%%%

@book{bardet_experimental_1997,
	title = {Experimental soil mechanics},
	isbn = {978-0-13-374935-9},
	urldate = {2019-02-25},
	publisher = {Prentice Hall},
	author = {Bardet, J. P.},
	year = {1997}
}

@book{terzaghi_soil_1996,
	title = {Soil {Mechanics} in {Engineering} {Practice}},
	isbn = {978-0-471-08658-1},
	publisher = {John Wiley \& Sons},
	author = {Terzaghi, K. and Peck, R.B. and Mesri, G.},
	month = feb,
	year = {1996}
}

@article{kawamoto_all_2018,
	title = {All you need is shape: {Predicting} shear banding in sand with {LS}-{DEM}},
	volume = {111},
	issn = {0022-5096},
	shorttitle = {All you need is shape},
	doi = {10.1016/j.jmps.2017.10.003},
	journal = {Journal of the Mechanics and Physics of Solids},
	author = {Kawamoto, R. and Andò, E. and Viggiani, G. and Andrade, J.E.},
	month = feb,
	year = {2018},
	pages = {375--392}
}

@phdthesis{bahda_etude_1997,
	title = {Etude du comportement du sable à l'appareil triaxial : expérience et modélisation},
	author = {Bahda, Fatiha},
	year = {1997}
}

@phdthesis{pavier_caracterisation_1998,
	type = {thesis},
	title = {Caracterisation du comportement d'une poudre de fer pour le procede de compression en matrice},
	school = {Grenoble INP},
	author = {Pavier, E.},
	month = jan,
	year = {1998}
}

%%%%%%%%%%%%%%%%%%%%%%%%%%%%%%%%%%%%%%%%%%%%%%%%%%%%%%%%%%%%%
%%%%%%%%%%%%%%%%%%%%%% MATERIAUX AMIDON %%%%%%%%%%%%%%%%%%%%%
%%%%%%%%%%%%%%%%%%%%%%%%%%%%%%%%%%%%%%%%%%%%%%%%%%%%%%%%%%%%%

@book{bemiller_starch:_2009,
	title = {Starch: {Chemistry} and {Technology}},
	isbn = {978-0-08-092655-1},
	publisher = {Academic Press},
	author = {BeMiller, J.N. and Whistler, R.L.},
	month = apr,
	year = {2009}
}

@incollection{plazek_glass_2007,
	title = {The {Glass} {Temperature}},
	isbn = {978-0-387-31235-4 978-0-387-69002-5},
	booktitle = {Physical {Properties} of {Polymers} {Handbook}},
	publisher = {Springer New York},
	author = {Plazek, D.J. and Ngai, K.L.},
	year = {2007},
	pages = {187--215}
}

@article{willett_mechanical_1994,
	title = {Mechanical properties of {LDPE}/granular starch composites},
	volume = {54},
	issn = {1097-4628},
	doi = {10.1002/app.1994.070541112},
	number = {11},
	journal = {Journal of Applied Polymer Science},
	author = {Willett, J.L.},
	year = {1994},
	pages = {1685--1695}
}

@article{salerno_high_2014,
	title = {High resolution imaging of native wheat and potato starch granules based on local mechanical contrast},
	volume = {128},
	issn = {0260-8774},
	doi = {10.1016/j.jfoodeng.2013.12.023},
	journal = {Journal of Food Engineering},
	author = {Salerno, M. and Żukowska, A. and Thorat, S. and Ruffilli, R. and Stasiak, M. and Molenda, M.},
	month = may,
	year = {2014},
	pages = {96--102}
}

@article{schroeter_mechanical_1992,
	title = {On the {Mechanical} {Properties} of {Native} {Starch} {Granules}},
	volume = {44},
	issn = {1521-379X},
	doi = {10.1002/star.19920440703},
	number = {7},
	journal = {Starch - Stärke},
	author = {Schroeter, J. and Hobelsberger, M.},
	year = {1992},
	pages = {247--252}
}

%%%%%%%%%%%%%%%%%%%%%%%%%%%%%%%%%%%%%%%%%%%%%%%%%%%%%%%%%%%%%
%%%%%%%%%%%%%%%%%%%%%% MATERIAUX - PS %%%%%%%%%%%%%%%%%%%%%%%
%%%%%%%%%%%%%%%%%%%%%%%%%%%%%%%%%%%%%%%%%%%%%%%%%%%%%%%%%%%%%

@article{cheong_mechanical_2005,
	title = {Mechanical {Behaviour} of {Dry} {Binderless} {Polystyrene} {Granules}},
	volume = {83},
	issn = {0263-8762},
	doi = {10.1205/cherd.05100},
	number = {11},
	journal = {Chemical Engineering Research and Design},
	author = {Cheong, Y.S. and Adams, M.J. and Hounslow, M.J. and Salman, A.D.},
	month = nov,
	year = {2005},
	pages = {1276--1282}
}

@book{wypych_handbook_2016,
	edition = {2},
	title = {Handbook of {Polymers}},
	isbn = {978-1-927885-11-6},
	publisher = {Elsevier},
	author = {Wypych, G.},
	month = feb,
	year = {2016}
}

@misc{matweb,
	title = {{MatWeb}},
	author={MatWeb},
	url = {http://www.matweb.com/},
	journal = {MatWeb Material Property Data},
}

@misc{engineeringtoolbox,
	title = {Engineering {ToolBox}},
	author={Engineering ToolBox},
	url = {https://www.engineeringtoolbox.com/friction-coefficients-d_778.html},
	journal = {Friction and Friction Coefficients for various Materials}
}

%%%%%%%%%%%%%%%%%%%%%%%%%%%%%%%%%%%%%%%%%%%%%%%%%%%%%%%%%%%%%
%%%%%%%%%%%%%%%%%%%%%%%% TOMOGRAPHIE %%%%%%%%%%%%%%%%%%%%%%%%
%%%%%%%%%%%%%%%%%%%%%%%%%%%%%%%%%%%%%%%%%%%%%%%%%%%%%%%%%%%%%

@book{nielsen_elements_2011,
	title = {Elements of {Modern} {X}-ray {Physics}},
	isbn = {978-1-119-97015-6},
	publisher = {John Wiley \& Sons},
	author = {Als-Nielsen, J. and McMorrow, D.},
	month = apr,
	year = {2011}
}

%%%%%%%%%%%%%%%%%%%%%%%%%%%%%%%%%%%%%%%%%%%%%%%%%%%%%%%%%%%%%
%%%%%%%%%%%%%%%%%%%%% IMAGE PROCESSING %%%%%%%%%%%%%%%%%%%%%%
%%%%%%%%%%%%%%%%%%%%%%%%%%%%%%%%%%%%%%%%%%%%%%%%%%%%%%%%%%%%%

@book{bovik_handbook_2010,
	title = {Handbook of {Image} and {Video} {Processing}},
	isbn = {978-0-08-053361-2},
	publisher = {Elsevier Academic Press},
	author = {Bovik, A.C.},
	month = jul,
	year = {2010}
}

@article{haralick_image_1987,
	title = {Image {Analysis} {Using} {Mathematical} {Morphology}},
	volume = {PAMI-9},
	issn = {0162-8828},
	doi = {10.1109/TPAMI.1987.4767941},
	number = {4},
	journal = {IEEE Transactions on Pattern Analysis and Machine Intelligence},
	author = {Haralick, R.M. and Sternberg, S.R. and Zhuang, X.},
	month = jul,
	year = {1987},
	pages = {532--550}
}

@article{heijmans_algebraic_1990,
	title = {The algebraic basis of mathematical morphology: {I}. {Dilations} and erosions},
	volume = {50},
	issn = {0734-189X},
	doi = {10.1016/0734-189X(90)90148-O},
	number = {3},
	journal = {Computer Vision, Graphics, and Image Processing},
	author = {Heijmans, H.J.A.M. and Ronse, C.},
	month = jun,
	year = {1990},
	pages = {245--295}
}

@article{ronse_algebraic_1991,
	title = {The algebraic basis of mathematical morphology: {II}. {Openings} and closings},
	volume = {54},
	issn = {1049-9660},
	doi = {10.1016/1049-9660(91)90076-2},
	number = {1},
	journal = {CVGIP: Image Understanding},
	author = {Ronse, C. and Heijmans, H.J.A.M.},
	month = jul,
	year = {1991},
	pages = {74--97}
}

@book{dougherty_mathematical_1992,
	edition = {Taylor and Francis},
	title = {Mathematical {Morphology} in {Image} {Processing}},
	isbn = {978-1-4822-7723-4},
	publisher = {CRC Press},
	author = {Dougherty, E.},
	year = {1992},
	doi = {10.1201/9781482277234}
}

@article{tudisco_tomowarp2_2017,
	title = {{TomoWarp}2: {A} local digital volume correlation code},
	volume = {6},
	issn = {2352-7110},
	doi = {10.1016/j.softx.2017.10.002},
	journal = {SoftwareX},
	author = {Tudisco, E. and Andò, E. and Cailletaud, R. and Hall, S.A.},
	month = jan,
	year = {2017},
	pages = {267--270}
}

%%%%%%%%%%%%%%%%%%%%%%%%%%%%%%%%%%%%%%%%%%%%%%%%%%%%%%%%%%%%%
%%%%%%%%%%%%%%%%%%%%%%%% SIMULATION %%%%%%%%%%%%%%%%%%%%%%%%%
%%%%%%%%%%%%%%%%%%%%%%%%%%%%%%%%%%%%%%%%%%%%%%%%%%%%%%%%%%%%%

%%% DEM

@article{cundall_discrete_1979,
	title = {A discrete numerical model for granular assemblies},
	volume = {29},
	issn = {0016-8505},
	doi = {10.1680/geot.1979.29.1.47},
	number = {1},
	journal = {Géotechnique},
	author = {Cundall, P.A. and Strack, O.D.L.},
	month = mar,
	year = {1979},
	pages = {47--65}
}

@incollection{wolf_modelling_1996,
	address = {Berlin, Heidelberg},
	title = {Modelling and {Computer} {Simulation} of {Granular} {Media}},
	isbn = {978-3-642-85238-1},
	booktitle = {Computational {Physics}: {Selected} {Methods} {Simple} {Exercises} {Serious} {Applications}},
	publisher = {Springer Berlin Heidelberg},
	author = {Wolf, D.E.},
	year = {1996},
	doi = {10.1007/978-3-642-85238-1_5},
	pages = {64--95}
}

@inproceedings{bardet_introduction_1998,
	series = {International {Centre} for {Mechanical} {Sciences}},
	title = {Introduction to {Computational} {Granular} {Mechanics}},
	isbn = {978-3-7091-2526-7},
	booktitle = {Behaviour of {Granular} {Materials}},
	publisher = {Springer Vienna},
	author = {Bardet, J.P.},
	year = {1998},
	pages = {99--169}
}

@incollection{moreau_unilateral_1988,
	address = {Vienna},
	series = {International {Centre} for {Mechanical} {Sciences}},
	title = {Unilateral {Contact} and {Dry} {Friction} in {Finite} {Freedom} {Dynamics}},
	isbn = {978-3-7091-2624-0},
	booktitle = {Nonsmooth {Mechanics} and {Applications}},
	publisher = {Springer Vienna},
	author = {Moreau, J.J.},
	year = {1988},
	doi = {10.1007/978-3-7091-2624-0_1},
	pages = {1--82}
}

@inproceedings{jean_unilaterality_1992,
	address = {Lausanne, Switzerland},
	title = {Unilaterality and dry friction in the dynamics of rigid body collections},
	booktitle = {1st {Contact} {Mechanics} {International} {Symposium}},
	author = {Jean, M. and Moreau, J.J.},
	year = {1992},
	pages = {31--48}
}

@article{vu-quoc_normal_2001,
	title = {Normal and tangential force–displacement relations for frictional elasto-plastic contact of spheres},
	volume = {38},
	issn = {0020-7683},
	doi = {10.1016/S0020-7683(01)00065-8},
	number = {36},
	journal = {International Journal of Solids and Structures},
	author = {Vu-Quoc, L. and Zhang, X. and Lesburg, L.},
	month = sep,
	year = {2001},
	pages = {6455--6489}
}

@article{vu-quoc_accurate_1999,
	title = {An accurate and efficient tangential force–displacement model for elastic frictional contact in particle-flow simulations},
	volume = {31},
	issn = {0167-6636},
	doi = {10.1016/S0167-6636(98)00064-7},
	number = {4},
	journal = {Mechanics of Materials},
	author = {Vu-Quoc, L. and Zhang, X.},
	month = apr,
	year = {1999},
	pages = {235--269}
}

@article{wu_experimental_2003,
	title = {Experimental and numerical investigations of powder transfer},
	volume = {138},
	issn = {0032-5910},
	doi = {10.1016/j.powtec.2003.09.011},
	number = {2},
	journal = {Powder Technology},
	author = {Wu, C.-Y. and Cocks, A. C. F. and Gillia, O. T. and Thompson, D. A.},
	month = dec,
	year = {2003},
	pages = {216--228}
}

@article{martin_study_2003,
	title = {Study of the cold compaction of composite powders by the discrete element method},
	volume = {51},
	issn = {1359-6454},
	doi = {10.1016/S1359-6454(02)00402-0},
	number = {2},
	journal = {Acta Materialia},
	author = {Martin, C. L. and Bouvard, D.},
	month = jan,
	year = {2003},
	pages = {373--386}
}

@article{martin_study_2003-1,
	title = {Study of particle rearrangement during powder compaction by the {Discrete} {Element} {Method}},
	volume = {51},
	issn = {0022-5096},
	doi = {10.1016/S0022-5096(02)00101-1},
	number = {4},
	journal = {Journal of the Mechanics and Physics of Solids},
	author = {Martin, C. L. and Bouvard, D. and Shima, S.},
	month = apr,
	year = {2003},
	pages = {667--693}
}

@article{heyliger_cold_2001,
	title = {Cold plastic compaction of powders by a network model},
	volume = {49},
	issn = {0022-5096},
	doi = {10.1016/S0022-5096(01)00038-2},
	number = {9},
	journal = {Journal of the Mechanics and Physics of Solids},
	author = {Heyliger, P. R. and McMeeking, R. M.},
	month = sep,
	year = {2001},
	pages = {2031--2054}
}

@article{skrinjar_discrete_2004,
	title = {On discrete element modelling of compaction of powders with size ratio},
	volume = {31},
	issn = {0927-0256},
	doi = {10.1016/j.commatsci.2004.02.005},
	number = {1},
	journal = {Computational Materials Science},
	author = {Skrinjar, O. and Larsson, P.-L.},
	month = sep,
	year = {2004},
	pages = {131--146}
}

%%% FEM

@article{hrennikoff_solution_1941,
	title = {Solution of Problems of Elasticity by the Framework Method},
	volume = {8.4},
	pages = {169--175},
	journaltitle = {Journal of Applied Mechanics},
	author = {Hrennikoff, A.},
	year = {1941}
}

@article{courant_variational_1943,
	title = {Variational Methods for the Solution of Problems of Equilibrium and Vibrations},
	volume = {49},
	doi = {doi:10.1090/s0002-9904-1943-07818-4},
	pages = {1--23},
	journaltitle = {Bulletin of American Mathematical Society},
	author = {Courant, R.},
	year = {1943}
}

@book{cazenave_methode_2013,
	edition = {2ème},
	title = {Méthode des éléments finis},
	isbn = {978-2-10-059345-3},
	shorttitle = {Méthode des éléments finis},
	publisher = {Dunod},
	author = {Cazenave, M.},
	month = may,
	year = {2013}
}

%%% MP-FEM

@article{gethin_numerical_2001,
	title = {Numerical comparison of a deformable discrete element model and an equivalent continuum analysis for the compaction of ductile porous material},
	volume = {79},
	issn = {0045-7949},
	doi = {10.1016/S0045-7949(01)00015-3},
	number = {13},
	journal = {Computers \& Structures},
	author = {Gethin, D.T. and Ransing, R.S. and Lewis, R.W. and Dutko, M. and Crook, A.J.L.},
	month = may,
	year = {2001},
	pages = {1287--1294}
}

@article{gethin_two_2006,
	title = {A two dimensional combined discrete and finite element scheme for simulating the flow and compaction of systems comprising irregular particulates},
	volume = {195},
	issn = {0045-7825},
	doi = {10.1016/j.cma.2005.10.025},
	number = {41–43},
	journal = {Computer Methods in Applied Mechanics and Engineering},
	author = {Gethin, D.T. and Yang, X.-S. and Lewis, R.W.},
	month = aug,
	year = {2006},
	pages = {5552--5565}
}

@article{lewis_combined_2005,
	title = {A combined finite-discrete element method for simulating pharmaceutical powder tableting},
	volume = {62},
	issn = {1097-0207},
	doi = {10.1002/nme.1287},
	number = {7},
	urldate = {2016-03-23},
	journal = {International Journal for Numerical Methods in Engineering},
	author = {Lewis, R.W. and Gethin, D.T. and Yang, X.S. and Rowe, R.C.},
	month = feb,
	year = {2005},
	pages = {853--869}
}

@inproceedings{chen_numerical_2007,
	author = {Chen, Y. and Imbault, D. and Dor{\'{e}}mus, P.},
	title = {Numerical Simulation of Cold Compaction of 3D Granular Packings},
	year = {2007},
	month = {1},
	volume = {534},
	pages = {301--304},
	booktitle = {Progress in Powder Metallurgy},
	series = {Materials Science Forum},
	publisher = {Trans Tech Publications},
	doi = {10.4028/www.scientific.net/MSF.534-536.301}
}

@article{harthong_study_2012,
	title = {The study of relations between loading history and yield surfaces in powder materials using discrete finite element simulations},
	volume = {60},
	issn = {0022-5096},
	doi = {10.1016/j.jmps.2011.11.009},
	number = {4},
	journal = {Journal of the Mechanics and Physics of Solids},
	author = {Harthong, B. and Imbault, D. and Dorémus, P.},
	month = apr,
	year = {2012},
	pages = {784--801}
}

@article{gustafsson_multi_2013,
	title = {Multi-particle finite element modelling of the compression of iron ore pellets with statistically distributed geometric and material data},
	volume = {239},
	issn = {0032-5910},
	doi = {10.1016/j.powtec.2013.02.005},
	urldate = {2016-03-23},
	journal = {Powder Technology},
	author = {Gustafsson, G. and H., H.-A and Jonsén, P.},
	month = may,
	year = {2013},
	pages = {231--238}
}

@phdthesis{chen_contribution_2008,
	type = {thesis},
	title = {Contribution à la modélisation de la compression des poudres par une méthode d'éléments discrets mailles},
	school = {Grenoble INP},
	author = {Chen, Y.},
	month = jan,
	year = {2008}
}

@article{ransing_powder_2000,
	title = {Powder compaction modelling via the discrete and finite element method},
	volume = {21},
	issn = {0261-3069},
	doi = {10.1016/S0261-3069(99)00081-3},
	number = {4},
	journal = {Materials \& Design},
	author = {Ransing, R. S. and Gethin, D. T. and Khoei, A. R. and Mosbah, P. and Lewis, R. W.},
	month = aug,
	year = {2000},
	pages = {263--269}
}

@article{frenning_compression_2010,
	title = {Compression mechanics of granule beds: {A} combined finite/discrete element study},
	volume = {65},
	issn = {0009-2509},
	doi = {10.1016/j.ces.2009.12.029},
	number = {8},
	journal = {Chemical Engineering Science},
	author = {Frenning, G.},
	month = apr,
	year = {2010},
	pages = {2464--2471}
}

@article{frenning_efficient_2008,
	title = {An efficient finite/discrete element procedure for simulating compression of 3D particle assemblies},
	volume = {197},
	issn = {0045-7825},
	doi = {10.1016/j.cma.2008.05.002},
	number = {49–50},
	journal = {Computer Methods in Applied Mechanics and Engineering},
	author = {Frenning, G.},
	month = sep,
	year = {2008},
	pages = {4266--4272}
}

@article{procopio_simulation_2005,
	title = {Simulation of multi-axial compaction of granular media from loose to high relative densities},
	volume = {53},
	issn = {0022-5096},
	doi = {10.1016/j.jmps.2005.02.007},
	number = {7},
	journal = {Journal of the Mechanics and Physics of Solids},
	author = {Procopio, Adam T. and Zavaliangos, Antonios},
	month = jul,
	year = {2005},
	pages = {1523--1551}
}

@article{schmidt_simulation_2010,
	title = {Simulation of the material behaviour of metal powder during compaction},
	volume = {224},
	issn = {0954-4089},
	doi = {10.1243/09544089JPME325},
	number = {3},
	journal = {Proceedings of the Institution of Mechanical Engineers, Part E: Journal of Process Mechanical Engineering},
	author = {Schmidt, I and Trondl, A and Kraft, T and Wonisch, A},
	month = aug,
	year = {2010},
	pages = {187--194}
}

@article{guner_effects_2018,
	title = {Effects of {Process} {Parameters} on {Copper} {Powder} {Compaction} {Process} {Using} {Multi}-{Particle} {Finite} {Element} {Method}},
	volume = {295},
	issn = {1757-899X},
	doi = {10.1088/1757-899X/295/1/012027},
	journal = {IOP Conference Series: Materials Science and Engineering},
	author = {G\"uner, F. and Sofuoglu, H.},
	month = jan,
	year = {2018},
	pages = {012027}
}

@article{guner_numerical_2015,
	title = {Numerical modeling of cold powder compaction using multi particle and continuum media approaches},
	volume = {271},
	issn = {0032-5910},
	doi = {10.1016/j.powtec.2014.11.008},
	urldate = {2019-09-23},
	journal = {Powder Technology},
	author = {G\"uner, F. and Cora, \"O. N. and Sofuoglu, H.},
	month = feb,
	year = {2015},
	pages = {238--247}
}

@article{loidolt_modeling_2018,
	title = {Modeling yield properties of compacted powder using a multi-particle finite element model with cohesive contacts},
	volume = {336},
	issn = {0032-5910},
	doi = {10.1016/j.powtec.2018.06.018},
	urldate = {2019-09-23},
	journal = {Powder Technology},
	author = {Loidolt, P. and Ulz, M. H. and Khinast, J.},
	month = aug,
	year = {2018},
	pages = {426--440}
}

@article{feng_cohesive_2019,
	title = {Cohesive zone method based multi particle finite element simulation of compaction densification process of {Al} and {NaCl} laminar composite powders},
	volume = {134},
	issn = {0022-3697},
	doi = {10.1016/j.jpcs.2019.05.020},
	journal = {Journal of Physics and Chemistry of Solids},
	author = {Feng, Y. and Mei, D. and Wang, Y.},
	month = nov,
	year = {2019},
	pages = {35--42}
}

@phdthesis{harthong_modelisation_2010,
	title = {Modélisation du comportement des poudres métalliques à l'échelle du grain},
	school = {Grenoble INP},
	author = {Harthong, B.},
	month = oct,
	year = {2010}
}

%%%%%%%%%%%%%%%%%%%%%%%%%%%%%%%%%%%%%%%%%%%%%%%%%%%%%%%%%%%%%
%%%%%%%%%%%%%%%%%%%%%%%%% MÉTHODE %%%%%%%%%%%%%%%%%%%%%%%%%%%
%%%%%%%%%%%%%%%%%%%%%%%%%%%%%%%%%%%%%%%%%%%%%%%%%%%%%%%%%%%%%
@article{youssef_finite_2005,
	title = {Finite element modelling of the actual structure of cellular materials determined by {X}-ray tomography},
	volume = {53},
	issn = {1359-6454},
	doi = {10.1016/j.actamat.2004.10.024},
	number = {3},
	journal = {Acta Materialia},
	author = {Youssef, S. and Maire, E. and Gaertner, R.},
	month = feb,
	year = {2005},
	pages = {719--730}
}

@article{wautier_linking_2015,
	title = {Linking snow microstructure to its macroscopic elastic stiffness tensor: {A} numerical homogenization method and its application to 3-{D} images from {X}-ray tomography},
	volume = {42},
	issn = {1944-8007},
	doi = {10.1002/2015GL065227},
	number = {19},
	journal = {Geophysical Research Letters},
	author = {Wautier, A. and Geindreau, C. and Flin, F.},
	year = {2015},
	pages = {8031--8041}
}

@article{vlahinic2013,
	series = {Proceedings},
	title = {From 3D {Tomography} to {Physics}-{Based} {Mechanics} of {Geomaterials}},
	issn = {9780784413029},
	doi = {10.1061/9780784413029.043},
	journal = {Computing in Civil Engineering},
	author = {Vlahini\'c, I. and Andrade J.E. and Andö E. and Viggiani G.},
	year = {2013},
	pages = {339--345}
}

%%%%%%%%%%%%%%%%%%%%%%%%%%%%%%%%%%%%%%%%%%%%%%%%%%%%%%%%%%%%%
%%%%%%%%%%%%%%%%%%%%%%%% NUMÉRIQUE %%%%%%%%%%%%%%%%%%%%%%%%%%
%%%%%%%%%%%%%%%%%%%%%%%%%%%%%%%%%%%%%%%%%%%%%%%%%%%%%%%%%%%%%
@article{scikit_image,
	title = {scikit-image: image processing in {P}ython},
	author = {van der Walt, S. and {S}ch\"onberger, J. L. and
	{Nunez-Iglesias}, J. and {B}oulogne, F. and {W}arner,
	J. D. and {Y}ager, N. and {G}ouillart, E. and
	{Y}u, T. and {the scikit-image contributors}},
	year = {2014},
	month = {6},
	volume = {2},
	pages = {453},
	journal = {PeerJ},
	issn = {2167-8359},
	doi = {10.7717/peerj.453}
}

@inproceedings{tomasi_bilateral_1998,
	title = {Bilateral filtering for gray and color images},
	doi = {10.1109/ICCV.1998.710815},
	booktitle = {Sixth {International} {Conference} on {Computer} {Vision} ({IEEE} {Cat}. {No}.98CH36271)},
	author = {Tomasi, C. and Manduchi, R.},
	month = jan,
	year = {1998},
	pages = {839--846}
}

@article{chambolle_algorithm_2004,
	title = {An {Algorithm} for {Total} {Variation} {Minimization} and {Applications}},
	volume = {20},
	issn = {1573-7683},
	doi = {10.1023/B:JMIV.0000011325.36760.1e},
	number = {1},
	journal = {Journal of Mathematical Imaging and Vision},
	author = {Chambolle, A.},
	month = jan,
	year = {2004},
	pages = {89--97}
}

@article{otsu_threshold_1979,
	title = {A {Threshold} {Selection} {Method} from {Gray}-{Level} {Histograms}},
	volume = {9},
	issn = {0018-9472},
	doi = {10.1109/TSMC.1979.4310076},
	journal = {IEEE Transactions on Systems, Man, and Cybernetics},
	author = {Otsu, N.},
	month = jan,
	year = {1979},
	pages = {62--66}
}

@article{kittler_minimum_1986,
	title = {Minimum error thresholding},
	volume = {19},
	issn = {0031-3203},
	doi = {10.1016/0031-3203(86)90030-0},
	journal = {Pattern Recognition},
	author = {Kittler, J. and Illingworth, J.},
	month = jan,
	year = {1986},
	pages = {41--47}
}

@article{tengattini_kalisphera_2015,
	title = {Kalisphera: an analytical tool to reproduce the partial volume effect of spheres imaged in 3D},
	volume = {26},
	issn = {0957-0233},
	doi = {10.1088/0957-0233/26/9/095606},
	number = {9},
	journal = {Measurement Science and Technology},
	author = {Tengattini, A. and Andò, E.},
	year = {2015},
	pages = {095606}
}

% Maillage
@inproceedings{fang_tetrahedral_2009,
	title = {Tetrahedral mesh generation from volumetric binary and grayscale images},
	doi = {10.1109/ISBI.2009.5193259},
	booktitle = {2009 {IEEE} {International} {Symposium} on {Biomedical} {Imaging}: {From} {Nano} to {Macro}},
	author = {Fang, Qianqian and Boas, D. A.},
	month = jun,
	year = {2009},
	pages = {1142--1145}
}

@book{cgal:eb-19a,
	  title        = "{CGAL} User and Reference Manual",
	  author      = "{The CGAL Project}",
	  publisher     = "{CGAL Editorial Board}",
	  edition     = "{4.14}",
	  year         = 2019,
	  url =    "https://doc.cgal.org/4.14/Manual/packages.html"
}

% Abaqus
@book{abaqus2016,
	title = "ABAQUS/Analysis User's Guide, Version 2016",
	author = "{Dassault Systèmes}",
	year = "2016",
	language = "English",
	publisher = "Simulia"
}

@misc{abadoc2016,
	title = {Abaqus 2016 {Documentation}},
	author = "{Dassault Systèmes}"
}