@article{messner_1994_biopulping,
	author = {Messner, Kurt and Srebotnik, Ewald},
	title = "{Biopulping: An overview of developments in an environmentally safe paper-making technology}",
	journal = {FEMS Microbiology Reviews},
	volume = {13},
	number = {2-3},
	pages = {351-364},
	year = {1994},
	month = {03},
	issn = {0168-6445},
	doi = {10.1111/j.1574-6976.1994.tb00054.x},
	url = {https://doi.org/10.1111/j.1574-6976.1994.tb00054.x},
	eprint = {https://academic.oup.com/femsre/article-pdf/13/2-3/351/18119270/13-2-3-351.pdf},
}

@book{hunter_1978_papermaking,
	title={Papermaking: The History and Technique of an Ancient Craft},
	author={Hunter, D.},
	isbn={9780486236193},
	lccn={77092477},
	series={Dover Books Explaining Science},
	url={https://books.google.fr/books?id=1sEp3rtK994C},
	year={1978},
	publisher={Dover Publications}
}

